% *neode.onsave* setgo pdflatex -interaction=nonstopmode spec; bibtex spec; pdflatex -interaction=nonstopmode spec; pdflatex -interaction=nonstopmode spec

@thesis{ryu,
  author       = {Seuk-Woo Ryu}, 
  title        = {A Search and Coverage Algorithm for Mobile Robot},
  school       = {Department of Electrical Engineering, the Sungkyunkwan University, Suwon, Korea},
  year         = 2011,
}

@thesis{rekl,
  author       = {Ioannis Rekleitis},
  title        = {Efficient Boustrophedon Multi-Robot Coverage: an algorithmic approach},
  school       = {School of Computer Science, McGill University, Montreal, Canada},
  year         = 2009,
}

@thesis{wong,
  author       = {Sylvia C. Wong}, 
  title        = {A topological coverage algorithm for mobile robots},
  school       = {Depatment of Electrical and Electronic Engineering, The University of Auckland},
  year         = 2003,
}

@article{galceran,
  author  = {Enric Galceran}, 
  title   = {A survey on coverage path planning for robotics},
  journal = {Robotics and Autonomous Systems},
  year    = 2013,
  number  = 61,
  pages   = {1258-1276},
}

@article{palleja,
  author  = {T. Palleja}, 
  title   = {Modeling floor-cleaning coverage perfirmances of some domestic mobile robots in a reduced scenario},
  journal = {Robotics and Autonomous Systems},
  year    = 2010,
  number  = 58,
  pages   = {37-45},
}

@thesis{hasan,
  author       = {Kazi Mahmud Hasan}, 
  title        = {Path Planning Algorithm Development for Autonomous Vacuum Cleaner Robots},
  school       = {Electronics and Communication Engineering Discipline Khulna University, Bangladesh},
  year         = 2014,
}

@thesis{forlizzi,
  author       = {Jodi Forlizzi},
  title        = {Service Robots in the Domestic Environment: A Study  of the Roomba Vacuum in the Home},
  school       = {Carnegie Mellon University HCII & School of Design, Pittsburgh},
}

@thesis{gabriel,
  author       = {Yoav Gabriel},
  title        = {Spiral-STC: An On-Line Coverage Algorithm of Grid Environments by a Mobile Robot},
  school       = {Technion, Israel Institute of Technology},
  year         = 2002,
}

@thesis{hsu,
  author       = {Ping-Min Hsu},
  title        = {On the Complete Coverage Path Planning for Mobile Robots},
  school       = {Department of Electrical Engineering, National Chung Hsing University},
  year         = 2012,
}

@misc{skantic,
  title = {{Netonnet - Skantic Robot cleaner 10}},
  howpublished = "\url{https://www.netonnet.se/art/hem-hushall/dammsugare/robotdammsugare/skantic-robot-cleaner-10/190952.9263/}",
  year = {2018}, 
  note = "[Online; accessed 16-February-2018]"
}

@misc{irobot,
  title = {{Roomba - Dammsugartyper}},
  howpublished = "\url{http://www.irobot.se/Home-Robots/Dammsugning}",
  year = {2018}, 
  note = "[Online; accessed 16-February-2018]"
}

@misc{bous,
  title = {{Henry George Liddell, Robert Scott, A Greek-English Lexicon }},
  howpublished = "\url{http://www.perseus.tufts.edu/hopper/text?doc=Perseus:text:1999.04.0057:entry=boustrofhdo/n}",
  year = {2018}, 
  note = "[Online; accessed 16-February-2018]"
}

@misc{scantic,
  title = {{Scantic robot cleaner 10}},
  howpublished = "\url{http://robotnyheter.se/2013/12/04/ny-robotdammsugare-for-499-kronor-hos-netonnet/}",
  year = {2018}, 
  note = "[Online; accessed 16-February-2018]"
}

@misc{centurion,
  title = {{Centurion RDE 125}},
  howpublished = "\url{http://robotdammsugare.org/centurion-rde125/}",
  year = {2018}, 
  note = "[Online; accessed 24-Mars-2018]"
}


@conference{choset,
author = {Howie Choset and Philippe Pignon},
title = {Coverage Path Planning: The Boustrophedon Decomposition},
booktitle = {International Conference on Field and Service Robotics},
year = {1997},
month = {January},
}